@online{Brachmann2015,
  author = "Steve Brachmann",
  organization = "IPWatchdog.com \textbar Patents \& Patent Law",
  title = "In the face of growing e-commerce fraud, many merchants not prepared for holidays - IPWatchdog.com \textbar patents \& patent law",
  url = "http://www.ipwatchdog.com/2015/11/22/growing-e-commerce-fraud-merchants-not-prepared-for-holidays/id=63271/",
  urldate = "2016-04-09",
  year = "2015",
  month = "11",
  day = "22"
}

@article{BusinessWire2015,
  author = {{Business Wire}},
  journal = "Business Wire",
  publisher = "MarketWatch",
  title = "Global card fraud losses reach \$16.31 Billion — will exceed \$35 Billion in 2020 according to the Nilson report",
  url = "http://www.marketwatch.com/story/global-card-fraud-losses-reach-1631-billion-will-exceed-35-billion-in-2020-according-to-the-nilson-report-2015-08-04",
  urldate = "2016-04-09",
  year = "2015",
  month = "08",
  day = "04"
}

@article{Captain2015,
  author = "Sean Captain",
  journal = "Fast Company",
  publisher = "Fast Company",
  title = "These are the mobile sites leaking credit card data for up to 500, 000 people A day",
  url = "http://www.fastcompany.com/3054411/these-are-the-faulty-apps-leaking-credit-card-data-for-up-to-500000-people-a-day",
  urldate = "2016-04-09",
  year = "2015",
  month = "12",
  day = "11"
}

@article{Grudin1994,
  author={J. Grudin},
  journal={Computer},
  title={Computer-supported cooperative work: history and focus},
  year={1994},
  volume={27},
  number={5},
  pages={19-26},
  month={May}
}

@article{Hoffmann2009,
  author={R. R. Hoffman and D. O. Norman and J. Vagners},
  journal={IEEE Intelligent Systems},
  title={"Complex Sociotechnical Joint Cognitive Work Systems"?},
  year={2009},
  volume={24},
  number={3},
  pages={82-c3},
  month={May}
}

@article{sydow1985,
  author={Sydow, J},
  title={Der soziotechnische Ansatz der Arbeits-und Organisationsgestaltung: Darstellung},
  journal={Kritik und Weiterentwicklung, Frankfurt/New York},
  year={1985}
}

@techreport{ConsumerAction2009,
  author = {{Consumer Action}},
  address = "http://www.consumer-action.org/downloads/english/Chase\_CC\_Fraud\_Leaders.pdf",
  title = "Questions and answers about credit card fraud A Q \& consumer aCtion A consumer action publication",
  url = "http://www.consumer-action.org/downloads/english/Chase\_CC\_Fraud\_Leaders.pdf",
  urldate = "2016-04-09",
  year = "2009"
}

@online{GooglePatents2015,
  author = {{Google Patents}},
  url = "https://patents.google.com/?q=credit+card+fraud+prevention&after=20150101",
  urldate = "2016-04-09"
}

@online{PeerJS,
  author = {PeerJS Team},
  url = "http://peerjs.com",
  title = "PeerJS - Simple peer-to-peer with WebRTC",
  urldate = "2016-07-20"
}

@online{codeTuts,
  author = {Pavan Podila},
  url = "http://code.tutsplus.com/tutorials/http-the-protocol-every-web-developer-must-know-part-1--net-31177",
  title = "HTTP: The Protocol Every Web Developer Must Know - Part 1",
  urldate = "2016-07-20",
  year = "2013",
  month = "04",
  day = "08"
}

@online(DublinCore,
  author = {{Dublin Core Metadata Initiative}},
  url = "http://dublincore.org/documents/dcmi-terms",
  title = "DCMI Metadata Terms",
  urldate = "2016-07-15",
  year = "2012",
  month = "06",
  day = "14"
)

@online{owlspec,
  author = {W3C},
  url = "https://www.w3.org/TR/2004/REC-owl-guide-20040210/",
  title = "OWL Web Ontology Language Guide",
  urldate = "2016-07-10",
  year = "2004",
  month = "02",
  day = "10"
}

@online{Amazon.com,
  author = {{Amazon.com}},
  title = "Amazon.com: Online Shopping for Electronics, Apparel, Computers, Books, DVDs \& more",
  url = "https://www.amazon.com/",
  urldate = "2016-07-02"
}

@online{eBayInc,
  author = {{eBay Inc}},
  title = {{eBay: Company Information}},
  url = "https://www.ebayinc.com/",
  urldate = "2016-07-02"
}

@online{TaskRabbit,
  author = {{TaskRabbit}},
  url = "https://www.taskrabbit.com/about",
  urldate = "2016-07-02"
}

@online{SchemaGoodRelation,
  author = {R.V. Guha},
  title = {{Good Relations and Schema.org}},
  url = "http://blog.schema.org/2012/11/good-relations-and-schemaorg.html",
  urldate = "2012-11-08"
}

@online{VisaPayment2014,
  author = {{Visa Europe}},
  title = {{Processing e-commerce payments}},
  year = {{2014}},
  month = {{08}},
  url = "https://www.visaeurope.com/media/images/processing%20e-commerce%20payments%20guide-73-17337.pdf",
  urldate = "2016-06-20"
}

@online{RobertoSemWeb,
  author = {Roberto García},
  title = {{A Semantic Web Approach to Digital Rights Management}},
  year = {{2006}},
  url = "http://rhizomik.net/html/~roberto/thesis/html/SemanticWeb.html",
  urldate = "2016-07-01"
}

@book{virtue2009payment,
  author={Virtue, Timothy M},
  title={Payment card industry data security standard handbook},
  year={2009},
  publisher={Wiley Online Library}
}

@book{borghoff2000computer,
  author={Borghoff, UM and Schlichter, JH},
  title={Computer-Supported Cooperative Work: Introduction to Distributed Applications. Secaucus},
  year={2000},
  publisher={NJ, USA: Springer-Verlag New York, Inc}
}

@book{buford2009p2p,
  author={Buford, John and Yu, Heather and Lua, Eng Keong},
  title={P2P networking and applications},
  year={2009},
  publisher={Morgan Kaufmann}
}

@online{Holmes2015,
  author = "Tamara E Holmes",
  title = "Credit card fraud and ID theft statistics",
  url = "http://www.creditcards.com/credit-card-news/credit-card-security-id-theft-fraud-statistics-1276.php",
  urldate = "2016-04-09",
  year = "2015",
  month = "09",
  day = "16"
}

@inproceedings{Koch2008,
  author = "Michael Koch",
  booktitle = "BLED 2008 Proceedings",
  title = "CSCW and enterprise 2.0 - towards an integrated perspective",
  url = "http://aisel.aisnet.org/bled2008/15",
  urldate = "2016-04-09",
  year = "2008"
}

@online{Lewis2015,
  author = "Len Lewis",
  organization = "National Retail Federation",
  title = "More vulnerable than ever?",
  url = "https://nrf.com/news/more-vulnerable-ever",
  urldate = "2016-04-09",
  year = "2015",
  month = "12",
  day = "16"
}

@online{PYMNTS2016,
  author = {{PYMNTS}},
  organization = "PYMNTS.com",
  title = "Hackers and their fraud attack methods",
  url = "http://www.pymnts.com/fraud-prevention/2016/benchmarking-hackers-and-their-attack-methods",
  urldate = "2016-04-09",
  year = "2016",
  month = "02",
  day = "18"
}

@article{Rampton2015,
  author = "John Rampton",
  journal = "Forbes",
  publisher = "Forbes",
  title = "How online fraud is a growing trend",
  url = "http://www.forbes.com/sites/johnrampton/2015/04/14/how-online-fraud-is-a-growing-trend/\#16ffc0ec349f",
  urldate = "2016-04-09",
  year = "2015",
  month = "04",
  day = "14"
}

@online{Reuters2015,
  author = {{Reuters}},
  organization = "Reuters",
  title = "Fraud rates on online transactions seen up during holidays: Study",
  url = "http://www.reuters.com/article/us-retail-fraud-idUSKCN0T611T20151117?feedType=RSS\&feedName=technologyNews",
  urldate = "2016-04-09",
  year = "2015",
  month = "11",
  day = "17"
}

@article{Rice1992,
  author = "Ronald E. Rice",
  journal = "Organization Science",
  doi = "10.1287/orsc.3.4.475",
  issn = "1047-7039",
  number = "4",
  pages = "475-500",
  publisher = "Institute for Operations Research and the Management Sciences (INFORMS)",
  title = "Task Analyzability, use of new media, and effectiveness: A multi-site exploration of media richness",
  volume = "3",
  year = "1992",
  month = "11"
}

@book{Staab2006,
  editor = "Steffen Staab and Heiner Stuckenschmidt",
  doi = "10.1007/3-540-28347-1",
  isbn = "9783540283461",
  publisher = "Springer Science + Business Media",
  title = "Semantic web and peer-to-peer",
  year = "2006"
}

@online{w3c2013,
  author = "W3C",
  title = "W3C semantic web activity",
  url = "https://www.w3.org/2001/sw/",
  urldate = "2016-04-28",
  year = "2013",
  month = "06",
  day = "19"
}

@article{sobko2014fraud,
  author={Sobko, Oleg Victorovich},
  title={Fraud in Non-Cash Transactions: Methods, Tendencies and Threats},
  journal={World Applied Sciences Journal},
  volume={29},
  number={6},
  pages={774--778},
  year={2014}
}

@article{ankhule2015overview,
  author={Ankhule, Gayatri R and Joshy, MR},
  title={Overview of E-Commerce},
  journal={International Journal of Electronics, Communication and Soft Computing Science \& Engineering (IJECSCSE)},
  pages={196},
  year={2015},
  publisher={International Journal of Electronics, Communication and Soft Computing Science and Engineering}
}

@article{rana2015survey,
  author={Rana, Priya J and Baria, Jwalant},
  title={A Survey on Fraud Detection Techniques in Ecommerce},
  journal={International Journal of Computer Applications},
  volume={113},
  number={14},
  year={2015},
  publisher={Foundation of Computer Science}
}

@article{sen2015study,
  author={Sen, Pritikana and Ahmed, Rustam Ali and Islam, Md Ruhul},
  title={A Study on E-Commerce Security Issues and Solutions},
  year={2015}
}

@article{goyaleffects,
  title={Effects of Sensemaking Translucence on Distributed Collaborative Analysis},
  author={Goyal, Nitesh and Fussell, Susan R}
}

@article{yang2008social,
  title={A social network-based system for supporting interactive collaboration in knowledge sharing over peer-to-peer network},
  author={Yang, Stephen JH and Chen, Irene YL},
  journal={International Journal of Human-Computer Studies},
  volume={66},
  number={1},
  pages={36--50},
  year={2008},
  publisher={Elsevier}
}

@article{robert2005paradox,
  title={Paradox of richness: A cognitive model of media choice},
  author={Robert, Lionel P and Dennis, Alan R},
  journal={Professional Communication, IEEE Transactions on},
  volume={48},
  number={1},
  pages={10--21},
  year={2005},
  publisher={IEEE}
}

@inproceedings{lee2015matrix,
  title={From The Matrix to a Model of Coordinated Action (MoCA): A Conceptual Framework of and for CSCW},
  author={Lee, Charlotte P and Paine, Drew},
  booktitle={Proceedings of the 18th ACM Conference on Computer Supported Cooperative Work \& Social Computing},
  pages={179--194},
  year={2015},
  organization={ACM}
}

@inproceedings{ehrig2003swap,
  title={SWAP: Ontology-based Knowledge Management with Peer-to-Peer Technology.},
  author={Ehrig, Marc and Tempich, Christoph and Broekstra, Jeen and Van Harmelen, Frank and Sabou, Marta and Siebes, Ronny and Staab, Steffen and Stuckenschmidt, Heiner},
  booktitle={Wissensmanagement},
  pages={17--20},
  year={2003}
}

@inproceedings{cai2004rdfpeers,
  title={RDFPeers: a scalable distributed RDF repository based on a structured peer-to-peer network},
  author={Cai, Min and Frank, Martin},
  booktitle={Proceedings of the 13th international conference on World Wide Web},
  pages={650--657},
  year={2004},
  organization={ACM}
}

@article{parameswaran2001p2p,
  title={P2P networking: An information-sharing alternative},
  author={Parameswaran, Manoj and Susarla, Anjana and Whinston, Andrew B},
  journal={Computer},
  number={7},
  pages={31--38},
  year={2001},
  publisher={IEEE}
}

@inproceedings{ozturk2010introduction,
  title={Introduction to XMPP protocol and developing online collaboration applications using open source software and libraries},
  author={Ozturk, Ozgur},
  booktitle={Collaborative Technologies and Systems (CTS), 2010 International Symposium on},
  pages={21--25},
  year={2010},
  organization={IEEE}
}

@article{rodrigues2010peer,
  title={Peer-to-peer systems},
  author={Rodrigues, Rodrigo and Druschel, Peter},
  journal={Communications of the ACM},
  volume={53},
  number={10},
  pages={72--82},
  year={2010},
  publisher={ACM}
}

@article{barker2014schema,
  title={What is schema.org?},
  author={Barker, Phil and Campbell, Lorna M},
  journal={LRMI. Retrieved April},
  volume={21},
  pages={2015},
  year={2014}
}

@incollection{lara2007semantic,
  title={Semantic web technologies for the financial domain},
  author={Lara, Rub{\'e}n and Cantador, Iv{\'a}n and Castells, Pablo},
  booktitle={The Semantic Web},
  pages={41--74},
  year={2007},
  publisher={Springer}
}

@article{bastian2009gephi,
  title={Gephi: an open source software for exploring and manipulating networks.},
  author={Bastian, Mathieu and Heymann, Sebastien and Jacomy, Mathieu and others},
  journal={ICWSM},
  volume={8},
  pages={361--362},
  year={2009}
}

@book{ekelhart2006security,
  title={Security ontology: Simulating threats to corporate assets},
  author={Ekelhart, Andreas and Fenz, Stefan and Klemen, Markus D and Weippl, Edgar R},
  year={2006},
  publisher={Springer}
}

@article{oren2009marvin,
  title={Marvin: Distributed reasoning over large-scale Semantic Web data},
  author={Oren, Eyal and Kotoulas, Spyros and Anadiotis, George and Siebes, Ronny and ten Teije, Annette and van Harmelen, Frank},
  journal={Web Semantics: Science, Services and Agents on the World Wide Web},
  volume={7},
  number={4},
  pages={305--316},
  year={2009},
  publisher={Elsevier}
}

@article{carvalhoapplying,
  title={Applying Semantic Technologies to Fight Online Banking Fraud},
  author={Carvalho, Rodrigo and Goldsmith, Michael and Creese, Sadie and Police, Brazilian Federal}
}

@book{chao2012semantic,
  title={The Semantic Web-Based Collaborative Knowledge Management},
  author={Chao, Lemen and Xing, Chunxiao and Zhang, Yong},
  year={2012},
  publisher={INTECH Open Access Publisher}
}

@inproceedings{ashraf2011open,
  title={Open eBusiness Ontology Usage: Investigating Community Implementation of GoodRelations.},
  author={Ashraf, Jamshaid and Cyganiak, Richard and O'Riain, Se{\'a}n and Hadzic, Maja},
  booktitle={LDOW},
  year={2011}
}

@article{weiss2008hexastore,
  title={Hexastore: sextuple indexing for semantic web data management},
  author={Weiss, Cathrin and Karras, Panagiotis and Bernstein, Abraham},
  journal={Proceedings of the VLDB Endowment},
  volume={1},
  number={1},
  pages={1008--1019},
  year={2008},
  publisher={VLDB Endowment}
}

@article{paschke2007rule,
  title={Rule responder: RuleML-based agents for distributed collaboration on the pragmatic web},
  author={Paschke, Adrian and Boley, Harold and Kozlenkov, Alexander and Craig, Benjamin},
  journal={(RuleML-2008).},
  year={2007}
}

@incollection{boley2007rule,
  title={Rule interchange on the web},
  author={Boley, Harold and Kifer, Michael and P{\u{a}}tr{\^a}njan, Paula-Lavinia and Polleres, Axel},
  booktitle={Reasoning Web},
  pages={269--309},
  year={2007},
  publisher={Springer}
}

@inproceedings{martimiano2005owl,
  title={An owl-based security incident ontology},
  author={Martimiano, AFM and Moreira, ES},
  booktitle={Proceedings of the Eighth International Protege Conference},
  pages={43--44},
  year={2005}
}

@article{scharffe2011data,
  title={Data linking for the semantic web},
  author={Scharffe, Fran{\c{c}}ois and Ferrara, Alfio and Nikolov, Andriy},
  journal={International Journal on Semantic Web and Information Systems},
  volume={7},
  number={3},
  pages={46--76},
  year={2011}
}

@inproceedings{tsatsanifos2011enhancing,
  title={On enhancing scalability for distributed RDF/S stores},
  author={Tsatsanifos, George and Sacharidis, Dimitris and Sellis, Timos},
  booktitle={Proceedings of the 14th International Conference on Extending Database Technology},
  pages={141--152},
  year={2011},
  organization={ACM}
}

@inproceedings{stollberg2005integrating,
  title={Integrating agents, ontologies, and semantic web services for collaboration on the semantic web},
  author={Stollberg, Michael and Strang, Thomas},
  booktitle={Proc. of the First International Symposium on Agents and the Semantic Web, AAAI Fall Symposium Series Arlington, Virginia},
  year={2005}
}

@inproceedings{hepp2009goodrelations,
  title={GoodRelations Tools and Applications},
  author={Hepp, Martin and Radinger, Andreas and Wechselberger, Andreas and Stolz, Alex and Bingel, Daniel and Irmscher, Thomas and Mattern, Mark and Ostheim, Tobias},
  booktitle={Poster and Demo Proceedings of the 8th International Semantic Web Conference (ISWC 2009), Washington, DC, USA},
  year={2009}
}

@article{verborgh2015drawing,
  title={Drawing Conclusions from Linked Data on the Web: The EYE Reasoner},
  author={Verborgh, Ruben and De Roo, Jos},
  journal={IEEE Software},
  number={3},
  pages={23--27},
  year={2015},
  publisher={IEEE}
}

@article{donner2003toward,
  title={Toward a security ontology},
  author={Donner, Marc},
  journal={IEEE Security \& Privacy},
  number={3},
  pages={6--7},
  year={2003},
  publisher={IEEE}
}

@article{guha2016schema,
  title={Schema.org: Evolution of structured data on the web},
  author={Guha, RV and Brickley, Dan and Macbeth, Steve},
  journal={Communications of the ACM},
  volume={59},
  number={2},
  pages={44--51},
  year={2016},
  publisher={ACM}
}

@online{Schema.org,
  author = {{Schema.org}},
  title = {{Welcome to Schema.org}},
  url = "http://schema.org",
  urldate = "2016-07-02"
}

@online{SchemaExtensions,
  author = {{Schema.org}},
  title = {{Schema.org Extensions}},
  url = "http://schema.org/docs/extension.html",
  urldate = "2016-07-10"
}

@incollection{hepp2008goodrelations,
  title={Goodrelations: An ontology for describing products and services offers on the web},
  author={Hepp, Martin},
  booktitle={Knowledge Engineering: Practice and Patterns},
  pages={329--346},
  year={2008},
  publisher={Springer}
}

@inproceedings{gyrard2013stac,
  title={The stac (security toolbox: attacks \& countermeasures) ontology},
  author={Gyrard, Amelie and Bonnet, Christian and Boudaoud, Karima},
  booktitle={Proceedings of the 22nd international conference on World Wide Web companion},
  pages={165--166},
  year={2013},
  organization={International World Wide Web Conferences Steering Committee}
}

@inproceedings{fenz2009formalizing,
  title={Formalizing information security knowledge},
  author={Fenz, Stefan and Ekelhart, Andreas},
  booktitle={Proceedings of the 4th international Symposium on information, Computer, and Communications Security},
  pages={183--194},
  year={2009},
  organization={ACM}
}

@book{gerber2008functional,
  title={A functional semantic web architecture},
  author={Gerber, Aurona and Van der Merwe, Alta and Barnard, Andries},
  year={2008},
  publisher={Springer}
}

@inproceedings{obrst2012developing,
  title={Developing an Ontology of the Cyber Security Domain.},
  author={Obrst, Leo and Chase, Penny and Markeloff, Richard},
  booktitle={STIDS},
  pages={49--56},
  year={2012}
}

@article{kingston2004towards,
  title={Towards a financial fraud ontology: A legal modelling approach},
  author={Kingston, John and Schafer, Burkhard and Vandenberghe, Wim},
  journal={Artificial Intelligence and Law},
  volume={12},
  number={4},
  pages={419--446},
  year={2004},
  publisher={Springer}
}

@incollection{zhou2013complete,
  title={Complete query answering over horn ontologies using a triple store},
  author={Zhou, Yujiao and Nenov, Yavor and Grau, Bernardo Cuenca and Horrocks, Ian},
  booktitle={The Semantic Web--ISWC 2013},
  pages={720--736},
  year={2013},
  publisher={Springer}
}

@article{johnston2013taking,
  title={Taking on WebRTC in an enterprise},
  author={Johnston, Adrian and Yoakum, John and Singh, Karam},
  journal={Communications Magazine, IEEE},
  volume={51},
  number={4},
  pages={48--54},
  year={2013},
  publisher={IEEE}
}

@inproceedings{vogt2013leveraging,
  title={Leveraging WebRTC for P2P content distribution in web browsers},
  author={Vogt, Christian and Werner, Max Jonas and Schmidt, Thomas C},
  booktitle={Network Protocols (ICNP), 2013 21st IEEE International Conference on},
  pages={1--2},
  year={2013},
  organization={IEEE}
}

@inproceedings{vogt2013content,
  title={Content-centric user networks: WebRTC as a path to name-based publishing},
  author={Vogt, Christian and Werner, Max Jonas and Schmidt, Thomas C},
  booktitle={Network Protocols (ICNP), 2013 21st IEEE International Conference on},
  pages={1--3},
  year={2013},
  organization={IEEE}
}

@inproceedings{werner2014let,
  title={Let our browsers socialize: Building user-centric content communities on webrtc},
  author={Werner, Max Jonas and Vogt, Christian and Schmidt, Thomas C},
  booktitle={2014 IEEE 34th International Conference on Distributed Computing Systems Workshops (ICDCSW)},
  pages={37--44},
  year={2014},
  organization={IEEE}
}

@book{vossen2010unleashing,
  title={Unleashing Web 2.0: From concepts to creativity},
  author={Vossen, Gottfried and Hagemann, Stephan},
  year={2010},
  publisher={Elsevier}
}

@book{josuttis2007soa,
  title={SOA in practice: the art of distributed system design},
  author={Josuttis, Nicolai M},
  year={2007},
  publisher={" O'Reilly Media, Inc."}
}

@book{taylor2008p2p,
  title={From P2P and grids to services on the web: evolving distributed communities},
  author={Taylor, Ian J and Harrison, Andrew},
  year={2008},
  publisher={Springer Science \& Business Media}
}

@book{allemang2011semantic,
  title={Semantic web for the working ontologist: effective modeling in RDFS and OWL},
  author={Allemang, Dean and Hendler, James},
  year={2011},
  publisher={Elsevier}
}

@online{visjsshowcase,
  author = {{Vis.js}},
  title={vis.js showcase},
  url={http://visjs.org/showcase/index.html},
  urldate={2016-07-06}
}

@article{bizer2009linked,
  title={Linked data-the story so far},
  author={Bizer, Christian and Heath, Tom and Berners-Lee, Tim},
  journal={Semantic Services, Interoperability and Web Applications: Emerging Concepts},
  pages={205--227},
  year={2009}
}

@inproceedings{rietveld2015linked,
  title={Linked data-as-a-service: the semantic web redeployed},
  author={Rietveld, Laurens and Verborgh, Ruben and Beek, Wouter and Vander Sande, Miel and Schlobach, Stefan},
  booktitle={European Semantic Web Conference},
  pages={471--487},
  year={2015},
  organization={Springer}
}

@book{wood2014linked,
  title={Linked Data},
  author={Wood, David and Zaidman, Marsha and Ruth, Luke and Hausenblas, Michael},
  year={2014},
  publisher={Manning Publications Co.}
}

@book{grigorik2013high,
  title={High Performance Browser Networking: What every web developer should know about networking and web performance},
  author={Grigorik, Ilya},
  year={2013},
  publisher={" O'Reilly Media, Inc."}
}

@online{dbPedia.org,
  author = {{DBpedia}},
  title = {{Online Access}},
  url = "http://wiki.dbpedia.org/OnlineAccess#1.1%20Public%20SPARQL%20Endpoint",
  urldate = "2016-07-09"
}

@online{geonames,
  author = {{GeoNames}},
  title = {{GeoNames}},
  url = "http://www.geonames.org/",
  urldate = "2016-07-22"
}

@inproceedings{bouzidi2014product,
  title={Product Information Retrieval on the Web: An Empirical Study},
  author={Bouzidi, Sabri and Vandic, Damir and Frasincar, Flavius and Kaymak, Uzay},
  booktitle={The 8th International Conference on Knowledge Management in Organizations},
  pages={439--450},
  year={2014},
  organization={Springer}
}

@book{antoniou2012semantic,
  title={A semantic web primer},
  author={Antoniou, Grigoris and Van Harmelen, Frank},
  year={2012},
  edition={3rd. Edition},
  publisher={MIT Press}
}

@inproceedings{bannon1997constructing,
  title={Constructing common information spaces},
  author={Bannon, Liam and B{\o}dker, Susanne},
  booktitle={Proceedings of the Fifth European Conference on Computer Supported Cooperative Work},
  pages={81--96},
  year={1997},
  organization={Springer}
}

@article{angiuli2015identify,
  title={How to de-identify your data},
  author={Angiuli, Olivia and Blitzstein, Joe and Waldo, Jim},
  journal={Communications of the ACM},
  volume={58},
  number={12},
  pages={48--55},
  year={2015},
  publisher={ACM}
}

@inproceedings{pienta2015scalable,
  title={Scalable graph exploration and visualization: Sensemaking challenges and opportunities},
  author={Pienta, Robert and Abello, James and Kahng, Minsuk and Chau, Duen Horng},
  booktitle={2015 International Conference on Big Data and Smart Computing (BIGCOMP)},
  pages={271--278},
  year={2015},
  organization={IEEE}
}
