@online{Reuters2015,
	author = "Reuters",
	organization = "Reuters",
	title = "Fraud rates on online transactions seen up during holidays: Study",
	url = "http://www.reuters.com/article/us-retail-fraud-idUSKCN0T611T20151117?feedType=RSS\&feedName=technologyNews",
	urldate = "2016-04-09",
	year = "2015",
	month = "11",
	day = "17"
}

@techreport{ConsumerAction2009,
	author = " Consumer Action",
	organization = "Consumer Action",
	address = "http://www.consumer-action.org/downloads/english/Chase\_CC\_Fraud\_Leaders.pdf",
	title = "Questions and answers about credit card fraud A Q \& consumer action A consumer action publication",
	url = "http://www.consumer-action.org/downloads/english/Chase\_CC\_Fraud\_Leaders.pdf",
	urldate = "2016-04-09",
	year = "2009"
}

@online{Lewis2015,
	author = "Len Lewis",
	organization = "National Retail Federation",
	title = "More vulnerable than ever?",
	url = "https://nrf.com/news/more-vulnerable-ever",
	urldate = "2016-04-09",
	year = "2015",
	month = "12",
	day = "16"
}

@article{Captain2015,
	author = "Sean Captain",
	journal = "Fast Company",
	publisher = "Fast Company",
	title = "These are the mobile sites leaking credit card data for up to 500, 000 people A day",
	url = "http://www.fastcompany.com/3054411/these-are-the-faulty-apps-leaking-credit-card-data-for-up-to-500000-people-a-day",
	urldate = "2016-04-09",
	year = "2015",
	month = "12",
	day = "11"
}

@online{Holmes2015,
	author = "Tamara E Holmes",
	title = "Credit card fraud and ID theft statistics",
	url = "http://www.creditcards.com/credit-card-news/credit-card-security-id-theft-fraud-statistics-1276.php",
	urldate = "2016-04-09",
	year = "2015",
	month = "09",
	day = "16"
}
